@article{kolda-review-2009,
  title={Tensor decompositions and applications},
  author={Kolda, T.G. and Bader, B.W.},
  journal={SIAM Review},
  volume={51},
  number={3},
  pages={455},
  year={2009},
}
@article{als1,
  title={Analysis of individual differences in multidimensional scaling via an N-way generalization of ``{Eckart}-{Young}'' decomposition},
  author={Carroll, J.D. and Chang, J.J.},
  journal={Psychometrika},
  volume={35},
  number={3},
  pages={283--319},
  year={1970},
}
@inproceedings{ballard-gpu-2011,
title={Efficiently computing tensor eigenvalues on a {GPU}},
author={Ballard, Grey and Kolda, Tamara and Plantenga, Todd},
booktitle={IEEE International Symposium on Parallel and Distributed Processing Workshops and Phd Forum (IPDPSW)},
pages={1340--1348},
year={2011},
organization={IEEE}
}

